<record><leader>00000cas a22000007a 4500</leader><controlfield tag="001">11257185</controlfield><controlfield tag="008">841012d18731891inuwr ne      0    0eng d</controlfield><datafield ind1=" " ind2=" " tag="010"><subfield code="a">sn 84038227 </subfield></datafield><datafield ind1=" " ind2=" " tag="040"><subfield code="a">NPX</subfield><subfield code="b">eng</subfield><subfield code="c">NPX</subfield><subfield code="d">NPI</subfield><subfield code="d">MGN</subfield><subfield code="d">OCLCQ</subfield></datafield><datafield ind1=" " ind2=" " tag="042"><subfield code="a">msc</subfield></datafield><datafield ind1="0" ind2="4" tag="245"><subfield code="a">The Valparaiso messenger.</subfield></datafield><datafield ind1=" " ind2=" " tag="260"><subfield code="a">Valparaiso, Ind. :</subfield><subfield code="b">E. Zimmerman,</subfield><subfield code="c">1873-1891.</subfield></datafield><datafield ind1=" " ind2=" " tag="300"><subfield code="a">v. :</subfield><subfield code="b">ill. (chiefly advertisements) ;</subfield><subfield code="c">62 cm.</subfield></datafield><datafield ind1=" " ind2=" " tag="310"><subfield code="a">Weekly</subfield></datafield><datafield ind1="0" ind2=" " tag="362"><subfield code="a">Vol. 3, no. 37 (Nov. 18, 1873)-v.21, no. 21 (Sept. 3, 1891).</subfield></datafield><datafield ind1=" " ind2=" " tag="500"><subfield code="a">Editor: Englebert Zimmerman, &lt;1876&gt;.</subfield></datafield><datafield ind1=" " ind2=" " tag="500"><subfield code="a">Democratic.</subfield></datafield><datafield ind1=" " ind2=" " tag="515"><subfield code="a">No issues published between Nov. 6 and Nov. 18, 1873.</subfield></datafield><datafield ind1=" " ind2=" " tag="752"><subfield code="a">United States</subfield><subfield code="b">Indiana</subfield><subfield code="c">Porter</subfield><subfield code="d">Valparaiso.</subfield></datafield><datafield ind1="0" ind2="0" tag="780"><subfield code="t">Democratic messenger (Valparaiso, Ind.)</subfield><subfield code="w">(DLC)sn 85033261</subfield></datafield><datafield ind1="0" ind2="0" tag="785"><subfield code="t">Messenger (Valparaiso, Ind.)</subfield><subfield code="w">(DLC)sn 86058326</subfield></datafield></record>